@article{maclean2021elite,
  title={Elite philanthropy in the United States and United Kingdom in the new age of inequalities},
  author={Maclean, Mairi and Harvey, Charles and Yang, Ruomei and Mueller, Frank},
  journal={International Journal of Management Reviews},
  volume={23},
  number={3},
  pages={330--352},
  year={2021},
  publisher={Wiley Online Library}
}

@misc{anik2009feeling,
  title={Feeling good about giving: The benefits (and costs) of self-interested charitable behavior},
  author={Anik, Lalin and Aknin, Lara B and Norton, Michael I and Dunn, Elizabeth W},
  journal={Harvard Business School Marketing Unit Working Paper},
  year={2009}
}

@article{meyer2021walking,
  title={Walking the talk in participatory philanthropy},
  author={Meyer, Megan and Goering, Emily Smith and Hopkins, Karen and Hyde, Cheryl and Mattocks, Nicole and Denlinger, Jonalyn},
  journal={The Foundation Review},
  volume={13},
  number={2},
  pages={6},
  year={2021},
  publisher={Dorothy A. Johnson Center for Philanthropy at Grand Valley State University}
}

@article{hauger2023nothing,
  title={Nothing about us without us: innovating grantmaking processes with participatory methodology},
  author={Hauger, Tyler Dale},
  journal={Innovation: The European Journal of Social Science Research},
  volume={36},
  number={4},
  pages={631--651},
  year={2023},
  publisher={Taylor \& Francis}
}

@article{mccabe2019diversifying,
  title={Diversifying the donor pool: how did Seattle's democracy voucher program reshape participation in municipal campaign finance?},
  author={McCabe, Brian J and Heerwig, Jennifer A},
  journal={Election Law Journal: Rules, Politics, and Policy},
  volume={18},
  number={4},
  pages={323--341},
  year={2019},
  publisher={Mary Ann Liebert, Inc., publishers 140 Huguenot Street, 3rd Floor New~…}
}

@article{chapman2020identity,
  title={Identity motives in charitable giving: Explanations for charity preferences from a global donor survey},
  author={Chapman, Cassandra M and Masser, Barbara M and Louis, Winnifred R},
  journal={Psychology \& Marketing},
  volume={37},
  number={9},
  pages={1277--1291},
  year={2020},
  publisher={Wiley Online Library}
}

@article{li2020social,
  title={A social fundraising mechanism for charity crowdfunding},
  author={Li, Yung-Ming and Wu, Jhih-Dong and Hsieh, Chin-Yu and Liou, Jyh-Hwa},
  journal={Decision Support Systems},
  volume={129},
  pages={113170},
  year={2020},
  publisher={Elsevier}
}

@article{bhati2020literature,
  title={A literature review of experimental studies in fundraising},
  author={Bhati, Abhishek and Hansen, Ruth and others},
  journal={Journal of Behavioral Public Administration},
  volume={3},
  number={1},
  pages={1-19},
  year={2020}
}

@inproceedings{lalley2018quadratic,
  title={Quadratic voting: How mechanism design can radicalize democracy},
  author={Lalley, Steven P and Weyl, E Glen},
  booktitle={AEA Papers and Proceedings},
  publisher={American Economic Association},
  volume={108},
  pages={33--37},
  year={2018},
  organization={American Economic Association},
  address={2014 Broadway, Suite 305, Nashville, TN 37203}
}

@article{etzioni1973third,
  title={The third sector and domestic missions},
  author={Etzioni, Amitai},
  journal={Public administration review},
  volume=33,
  number=4,
  pages={314--323},
  year=1973,
  publisher={JSTOR}
}

@article{chapman2022give,
  title={Give where you live: A social network analysis of charitable donations reveals localized prosociality},
  author={Chapman, Cassandra M and Louis, Winnifred R and Masser, Barbara M and Hornsey, Matthew J and Broccatelli, Chiara},
  journal={Journal of Consumer Behaviour},
  volume={21},
  number={5},
  pages={1106--1120},
  year={2022},
  publisher={Wiley Online Library}
}

@article{korolov2016predicting,
  title={Predicting charitable donations using social media},
  author={Korolov, Rostyslav and Peabody, Justin and Lavoie, Allen and Das, Sanmay and Magdon-Ismail, Malik and Wallace, William},
  journal={Social Network Analysis and Mining},
  volume={6},
  pages={1--10},
  year={2016},
  publisher={Springer}
}

@article{apinunmahakul2008social,
  title={Social networks and private philanthropy},
  author={Apinunmahakul, Amornrat and Devlin, Rose Anne},
  journal={Journal of Public Economics},
  volume={92},
  number={1-2},
  pages={309--328},
  year={2008},
  publisher={Elsevier}
}

@article{baldassarri2007integrative,
  title={The integrative power of civic networks},
  author={Baldassarri, Delia and Diani, Mario},
  journal={American journal of sociology},
  volume={113},
  number={3},
  pages={735--780},
  year={2007},
  publisher={The University of Chicago Press}
}

@article{bennett2009impulsive,
  title={Impulsive donation decisions during online browsing of charity websites},
  author={Bennett, Roger},
  journal={Journal of Consumer Behaviour: An International Research Review},
  volume={8},
  number={2-3},
  pages={116--134},
  year={2009},
  publisher={Wiley Online Library}
}

@article{hou2021give,
  title={Why I give money to unknown people? An investigation of online donation and forwarding intention},
  author={Hou, Tingting and Hou, Keke and Wang, Xue and Luo, Xin Robert},
  journal={Electronic Commerce Research and Applications},
  volume={47},
  pages={101055},
  year={2021},
  publisher={Elsevier}
}

@article{saxton2014social,
  title={The social network effect: The determinants of giving through social media},
  author={Saxton, Gregory D and Wang, Lili},
  journal={Nonprofit and voluntary sector quarterly},
  volume={43},
  number={5},
  pages={850--868},
  year={2014},
  publisher={SAGE Publications Sage CA: Los Angeles, CA}
}

@techreport{hagberg2008exploring,
  title={Exploring network structure, dynamics, and function using NetworkX},
  author={Hagberg, Aric and Swart, Pieter and S Chult, Daniel},
  year={2008},
  institution={Los Alamos National Lab.(LANL), Los Alamos, NM (United States)}
}

@article{pedregosa2011scikit,
  title={Scikit-learn: Machine learning in Python},
  author={Pedregosa, Fabian and Varoquaux, Ga{\"e}l and Gramfort, Alexandre and Michel, Vincent and Thirion, Bertrand and Grisel, Olivier and Blondel, Mathieu and Prettenhofer, Peter and Weiss, Ron and Dubourg, Vincent and others},
  journal={the Journal of machine Learning research},
  volume={12},
  pages={2825--2830},
  year={2011},
  publisher={JMLR. org}
}

@misc{honnibal2020spacy,
  title={spaCy: Industrial-strength natural language processing in python},
  author={Honnibal, Matthew and Montani, Ines and Van Landeghem, Sofie and Boyd, Adriane and others},
  year={2020},
  publisher={Zenodo, Honolulu, HI, USA}
}

@inproceedings{reimers-2019-sentence-bert,
  title={Sentence-BERT: Sentence Embeddings using Siamese BERT-Networks},
  author={Reimers, Nils and Gurevych, Iryna},
  booktitle={Proceedings of the 2019 Conference on Empirical Methods in Natural Language Processing},
  month={11},
  year={2019},
  pages={3982–3992},
  publisher={Association for Computational Linguistics},
  address={209 N. Eighth Street, Stroudsburg, Pennsylvania, USA}
}

@article{feld1981focused,
  title={The focused organization of social ties},
  author={Feld, Scott L},
  journal={American journal of sociology},
  volume={86},
  number={5},
  pages={1015--1035},
  year={1981},
  publisher={University of Chicago Press}
}

@book{reich2020just,
  title={Just giving: Why philanthropy is failing democracy and how it can do better},
  author={Reich, Rob},
  year={2020},
  publisher={Princeton University Press},
  address={41 William Street, Princeton, New Jersey, USA}
}

@article{asia2017world,
  title={The world factbook},
  author={Asia, South and Lanka, Sri},
  journal={Washington DC: Central Intelligence Agency},
  year={2017}
}

@article{wandel2014nonprofit,
  title={The nonprofit catallaxy: An Austrian economics perspective on the nonprofit sector},
  author={Wandel, J{\"u}rgen and Valentinov, Vladislav},
  journal={VOLUNTAS: International Journal of Voluntary and Nonprofit Organizations},
  volume={25},
  pages={138--149},
  year={2014},
  publisher={Springer}
}

@article{silver2007disentangling,
  title={Disentangling class from philanthropy: The double-edged sword of alternative giving},
  author={Silver, Ira},
  journal={Critical Sociology},
  volume={33},
  number={3},
  pages={537--549},
  year={2007},
  publisher={Sage Publications Sage UK: London, England}
}

@article{james2007nature,
  title={The nature and causes of the U-shaped charitable giving profile},
  author={James III, Russell N and Sharpe, Deanna L},
  journal={Nonprofit and Voluntary Sector Quarterly},
  volume={36},
  number={2},
  pages={218--238},
  year={2007},
  publisher={Sage Publications Sage CA: Los Angeles, CA}
}